<?xml version="1.0" encoding="UTF-8"?><collection xmlns="http://www.loc.gov/MARC21/slim"><record><leader>00431nam--2200145-i-4500</leader><controlfield tag="001">000012005</controlfield><controlfield tag="002">20161230</controlfield><controlfield tag="005">20161230201029</controlfield><controlfield tag="008">060222s1000------------r-----000-0-eng-d</controlfield><datafield ind1=" " ind2=" " tag="080"><subfield code="a">621.039.8:54.02:66</subfield></datafield><datafield ind1=" " ind2=" " tag="100"><subfield code="a">Chiotan, C., Busila, A., Fodor, G</subfield></datafield><datafield ind1=" " ind2=" " tag="245"><subfield code="a">Izotopii radioactivi si radiatiile nucleare in industria chimica</subfield></datafield><datafield ind1=" " ind2=" " tag="260"><subfield code="a">Bucuresti, Editura Tehnica, 1962. 205 P</subfield></datafield><datafield ind1=" " ind2=" " tag="490"><subfield code="a">Colectia  Tehnica Noua</subfield></datafield><datafield ind1=" " ind2=" " tag="852"><subfield code="a">8249</subfield></datafield></record></collection>